@article{hardin2005generalized,
	title={Generalized estimating equations (GEE)},
	author={Hardin, James W},
	journal={Encyclopedia of statistics in behavioral science},
	year={2005},
	publisher={Wiley Online Library}
}


@book{mccullagh1989generalized,
	title={Generalized linear models},
	author={McCullagh, P and Nelder, JA},
	year={1989},
	pages={511 p.},
publisher={Chapman and Hall.}
}

@article{pregibon1984p,
	title={Review of Generalized Linear Models.},
	author={Pregibon, Daryl},
	journal={The Annals of Statistics},
	volume={12},
	number={4},
	pages={1589--1596},
	year={1984},
	publisher={Institute of Mathematical Statistics}
}


@article{aitkin1987modelling,
	title={Modelling variance heterogeneity in normal regression using GLIM},
	author={Aitkin, Murray},
	journal={Journal of the Royal Statistical Society: Series C (Applied Statistics)},
	volume={36},
	number={3},
	pages={332--339},
	year={1987},
	publisher={Wiley Online Library}
}

@article{smyth1985coupled,
	title={Coupled and separable iterations in nonlinear estimation},
	author={Smyth, GK and others},
	year={1985},
	publisher={The Australian National University}
}


@article{laird1982random,
	title={Random-effects models for longitudinal data},
	author={Laird, Nan M and Ware, James H},
	journal={Biometrics},
	pages={963--974},
	year={1982},
	publisher={JSTOR}
}

@book{molenberghs2000linear,
	title={Linear mixed models for longitudinal data},
	author={Molenberghs, Geert and Verbeke, Geert},
	year={2000},
	publisher={Springer}
}


@article{nelder1987extended,
	title={An extended quasi-likelihood function},
	author={Nelder, John A and Pregibon, Daryl},
	journal={Biometrika},
	volume={74},
	number={2},
	pages={221--232},
	year={1987},
	publisher={Oxford University Press}
}


@book{parra2002controle,
	title={Controle biol{\'o}gico no Brasil: parasit{\'o}ides e predadores},
	author={Parra, Jos{\'e} Roberto Postali},
	year={2002},
	publisher={Editora Manole Ltda}
}


@article{diciccio1988review,
	title={A review of bootstrap confidence intervals},
	author={Diciccio, Thomas J and Romano, Joseph P},
	journal={Journal of the Royal Statistical Society: Series B (Methodological)},
	volume={50},
	number={3},
	pages={338--354},
	year={1988},
	publisher={Wiley Online Library}
}

@article{buckland1984monte,
	title={Monte Carlo confidence intervals},
	author={Buckland, Stephen T},
	journal={Biometrics},
	pages={811--817},
	year={1984},
	publisher={JSTOR}
}

@book{efron1982jackknife,
	title={The jackknife, the bootstrap and other resampling plans},
	author={Efron, Bradley},
	year={1982},
	publisher={SIAM}
}


@book{everitt2011introduction,
	title={An introduction to applied multivariate analysis with R},
	author={Everitt, Brian and Hothorn, Torsten},
	year={2011},
	publisher={Springer Science \& Business Media}
}


@book{jobson2012applied,
	title={Applied multivariate data analysis: regression and experimental design},
	author={Jobson, J Dave},
	year={2012},
	publisher={Springer Science \& Business Media}
}

@article{krupskii2013factor,
	title={Factor copula models for multivariate data},
	author={Krupskii, Pavel and Joe, Harry},
	journal={Journal of Multivariate Analysis},
	volume={120},
	pages={85--101},
	year={2013},
	publisher={Elsevier}
}


@book{mood1950introduction,
	title={Introduction to the Theory of Statistics.},
	author={Mood, Alexander McFarlane},
	year={1973},
	volume={3},
    pages={480},
	publisher={McGraw-hill}
}


@article{nikoloulopoulos2009modeling,
	title={Modeling multivariate count data using copulas},
	author={Nikoloulopoulos, Aristidis K and Karlis, Dimitris},
	journal={Communications in Statistics-Simulation and Computation},
	volume={39},
	number={1},
	pages={172--187},
	year={2009},
	publisher={Taylor \& Francis}
}


@book{johnson1997multivariate,
	title={Discrete multivariate distributions},
	author={Johnson, N and Kotz, Samuel and Balakrishnan, N},
	year={1997},
	publisher={Wiley, New York}
}



@book{hair1998multivariate,
	title={Multivariate data analysis},
	author={Hair, Joseph F and Black, William C and Babin, Barry J and Anderson, Rolph E and Tatham, Ronald L and others},
	volume={5},
	number={3},
	year={1998},
	publisher={Prentice hall Upper Saddle River, NJ}
}


@book{raykov2008introduction,
	title={An introduction to applied multivariate analysis},
	author={Raykov, Tenko and Marcoulides, George A},
	year={2008},
	publisher={Routledge},
	pages={328},
}


@article{nelder1972generalized,
	title={Generalized linear models},
	author={Nelder, John Ashworth and Wedderburn, Robert WM},
	journal={Journal of the Royal Statistical Society: Series A (General)},
	volume={135},
	number={3},
	pages={370--384},
	year={1972},
	publisher={Wiley Online Library}
}


@article{moral2020bivariate,
	title={Bivariate residual plots with simulation polygons},
	author={Moral, Rafael A and Hinde, John and Dem{\'e}trio, Clarice GB},
	journal={Journal of Computational and Graphical Statistics},
	volume={29},
	number={1},
	pages={203--214},
	year={2020},
	publisher={Taylor \& Francis}
}


@book{agresti2015foundations,
	title={Foundations of linear and generalized linear models},
	author={Agresti, Alan},
	year={2015},
	publisher={John Wiley \& Sons}
}

@book{olive2014statistical,
	title={Statistical theory and inference},
	author={Olive, David J},
	year={2014},
	publisher={Springer}
}



@mastersthesis{mydiss,
	address = {Alfenas, MG.},
	author =       {Pórtya Piscitelli Cavalcanti},
	pages={56},
	pagename={p.},
	school =       {Universidade Federal de Alfenas - Unifal-MG},
	title =        {Proposta de algoritmos para aumento de dados via arquétipos},
	type =         {Mestrado em Estatística Aplicada e Biometria},
	year =         {2016}
}

@article{zhu1997algorithm,
	title={Algorithm 778: L-BFGS-B: Fortran subroutines for large-scale bound-constrained optimization},
	author={Zhu, Ciyou and Byrd, Richard H and Lu, Peihuang and Nocedal, Jorge},
	journal={ACM Transactions on Mathematical Software (TOMS)},
	volume={23},
	number={4},
	pages={550--560},
	year={1997},
	publisher={ACM New York, NY, USA}
}

@article{bonat2018multiple,
	title={Multiple response variables regression models in R: The mcglm package},
	author={Bonat, Wagner Hugo},
	journal={Journal of Statistical Software},
	volume={84},
	number={4},
	year={2018},
	publisher={The Foundation for Open Access Statistics}
}

@article{haslett2021modelling,
  title={Modelling excess zeros in count data: A new perspective on modelling approaches},
  author={Haslett, John and Parnell, Andrew C and Hinde, John and de Andrade Moral, Rafael},
  journal={International Statistical Review},
  year={2021},
  publisher={Wiley Online Library}
}

@misc{team2022r,
	title={R: A Language and Environment for Statistical Computing. R Foundation for Statistical Computing},
	author={Team, R Core},
	year={2022},
	publisher={Vienna, Austria}
}

@misc{gilbert2006numderiv,
	title={The numderiv package},
	author={Gilbert, Paul and Gilbert, Maintainer Paul and Varadhan, Ravi},
	year={2006}
}



@article{bonat2016multivariate,
	title={Multivariate covariance generalized linear models},
	author={Bonat, Wagner Hugo and J{\o}rgensen, Bent},
	journal={Journal of the Royal Statistical Society: Series C (Applied Statistics)},
	volume={65},
	number={5},
	pages={649--675},
	year={2016},
	publisher={Wiley Online Library}
}


@article{martinez2013general,
	title={A general modelling framework for multivariate disease mapping},
	author={Martinez-Beneito, Miguel A},
	journal={Biometrika},
	volume={100},
	number={3},
	pages={539--553},
	year={2013},
	publisher={Oxford University Press}
}



@article{jorgensen2004parameter,
	title={Parameter orthogonality and bias adjustment for estimating functions},
	author={J{\o}rgensen, Bent and Knudsen, Sven Jesper},
	journal={Scandinavian Journal of Statistics},
	volume={31},
	number={1},
	pages={93--114},
	year={2004},
	publisher={Wiley Online Library}
}



@article{ouzounidou2016alleviation,
	title={Alleviation of drought and salinity stresses on growth, physiology, biochemistry and quality of two Cucumis sativus L. cultivars by Si application},
	author={Ouzounidou, Georgia and Giannakoula, Anastasia and Ilias, Ilias and Zamanidis, Pantelis},
	journal={Brazilian Journal of Botany},
	volume={39},
	number={2},
	pages={531--539},
	year={2016},
	publisher={Springer}
}

@article{miyake1983effect,
	title={Effect of silicon on the growth of solution-cultured cucumber plant},
	author={Miyake, Yasuto and Takahashi, Eiichi},
	journal={Soil Science and Plant Nutrition},
	volume={29},
	number={1},
	pages={71--83},
	year={1983},
	publisher={Taylor \& Francis}
}


@article{janislampi2012effect,
	title={Effect of silicon on plant growth and drought stress tolerance},
	author={Janislampi, Kaerlek W},
	year={2012}
}
@article{liang2005silicon,
	title={Silicon uptake and transport is an active process in Cucumis sativus},
	author={Liang, Yongchao and Si, Jin and R{\"o}mheld, Volker},
	journal={New Phytologist},
	volume={167},
	number={3},
	pages={797--804},
	year={2005},
	publisher={Wiley Online Library}
}



@article{berkson1952survival,
	title={Survival curve for cancer patients following treatment},
	author={Berkson, Joseph and Gage, Robert P},
	journal={Journal of the American Statistical Association},
	volume={47},
	number={259},
	pages={501--515},
	year={1952},
	publisher={Taylor \& Francis}
}

@book{yakovlev1996stochastic,
	title={Stochastic models of tumor latency and their biostatistical applications},
	author={Yakovlev, A Yu and Tsodikov, Alexander D},
	year={1996},
	publisher={World Scientific}
}

@article{maller1995testing,
	title={Testing for the presence of immune or cured individuals in censored survival data},
	author={Maller, Ross A and Zhou, Sean},
	journal={Biometrics},
	pages={1197--1205},
	year={1995},
	publisher={JSTOR}
}

@article{wei1989regression,
	title={Regression analysis of multivariate incomplete failure time data by modeling marginal distributions},
	author={Wei, Lee-Jen and Lin, Danyu Y and Weissfeld, Lisa},
	journal={Journal of the American statistical association},
	volume={84},
	number={408},
	pages={1065--1073},
	year={1989},
	publisher={Taylor \& Francis Group}
}


@article{lawless1987regression,
	title={Regression methods for Poisson process data},
	author={Lawless, Jerald Franklin},
	journal={Journal of the American Statistical Association},
	volume={82},
	number={399},
	pages={808--815},
	year={1987},
	publisher={Taylor \& Francis}
}


@book{aitkin2005statistical,
	title={Statistical modelling in GLIM 4},
	author={Aitkin, Murray A and Aitkin, Murray and Francis, Brian and Hinde, John},
	volume={32},
	year={2005},
	publisher={OUP Oxford}
}

@article{kartsonaki2016survival,
	title={Survival analysis},
	author={Kartsonaki, Christiana},
	journal={Diagnostic Histopathology},
	volume={22},
	number={7},
	pages={263--270},
	year={2016},
	publisher={Elsevier}
}


@article{rodrigues2011silicio,
	title={Sil{\'\i}cio: um elemento ben{\'e}fico e importante para as plantas},
	author={Rodrigues, F de A and Oliveira, LA de and Kornd{\"o}rfer, AP and Kornd{\"o}rfer, GH},
	journal={Informa{\c{c}}{\~o}es Agronomicas},
	volume={134},
	pages={14--20},
	year={2011}
}


@misc{team2017r,
	title={R: A language and environment for statistical computing.},
	publisher= {R Foundation for Statistical Computing},
	author={Team, R Core},
	local={Vienna, Austria},
	year={2017}
}

@article{fatoretto2018overdispersed,
	title={Overdispersed fungus germination data: statistical analysis using R},
	author={Fatoretto, Ma{\'\i}ra Blumer and Moral, Rafael de Andrade and Dem{\'e}trio, Clarice Garcia Borges and de P{\'a}dua, Christopher Silva and Menarin, Vinicius and Rojas, V{\'\i}ctor Manuel Ar{\'e}valo and D'Alessandro, Celeste Paola and Delalibera, Italo},
	journal={Biocontrol Science and Technology},
	pages={1--20},
	year={2018},
	publisher={Taylor \& Francis}
}







@article{sandhu1996methods,
	title={Methods for pickling of cucumber (Cucumis sativus): A critical appraisal},
	author={Sandhu, KS and Shukla, FC},
	journal={Journal of Food Science and Technology},
	volume={33},
	number={6},
	pages={455--473},
	year={1996},
	publisher={Association of Food Scientists and Technologists}
}


@article{giolo2006analise,
	title={An{\'a}lise de sobreviv{\^e}ncia aplicada},
	author={Giolo, Suely Ruiz and Colosimo, Enrico Ant{\^o}nio},
	journal={Edgard Blucher},
	year={2006}
}


@article{lawless1995some,
	title={Some simple robust methods for the analysis of recurrent events},
	author={Lawless, Jerald F and Nadeau, Claude},
	journal={Technometrics},
	volume={37},
	number={2},
	pages={158--168},
	year={1995},
	publisher={Taylor \& Francis Group}
}


@article{cox1984analysis,
	title={Analysis of survival data (Vol. 21)},
	author={Cox, David Roxbee and Oakes, David},
	journal={Chapman \& Hall/CRC},
	volume={1},
	pages={984},
	year={1984}
}



@article{liang1999effects,
	title={Effects of silicon on enzyme activity and sodium, potassium and calcium concentration in barley under salt stress},
	author={Liang, Yongchao},
	journal={Plant and soil},
	volume={209},
	number={2},
	pages={217},
	year={1999},
	publisher={Springer}
}


@article{jarosz2013effect,
	title={The effect of silicon application and type of substrate on yield and chemical composition of leaves and fruit of cucumber},
	author={Jarosz, Zbigniew},
	journal={Journal of Elementology},
	volume={18},
	number={3},
	year={2013},
	publisher={-}
}


@article{therneau2015package,
	title={Package ‘survival’},
	author={Therneau, Terry M and Lumley, Thomas},
	journal={R Top Doc},
	volume={128},
	year={2015}
}

@book{carvalho2011analise,
	title={An{\'a}lise de Sobreviv{\^e}ncia: teoria e aplica{\c{c}}{\~o}es em sa{\'u}de},
	author={Carvalho, Marilia S{\'a} and Andreozzi, Valeska Lima and Code{\c{c}}o, Claudia Torres and Campos, Dayse Pereira and Barbosa, Maria Tereza Serrano and Shimakura, Silvia Emiko},
	year={2011},
	publisher={SciELO-Editora FIOCRUZ}
}


@article{galdino2012produccao,
	title={A produ{\c{c}}{\~a}o de leite org{\^a}nico e aspectos de seguran{\c{c}}a alimentar},
	author={Galdino, Mariana Cassins and Domingues, Paulo Francisco and Ferreira, Bruna Lapenna Sanches},
	journal={Veterin{\'a}ria e Zootecnia},
	pages={490--501},
	year={2012}
}
@article{kaplan1958nonparametric,
	title={Nonparametric estimation from incomplete observations},
	author={Kaplan, Edward L and Meier, Paul},
	journal={Journal of the American Statistical association},
	volume={53},
	number={282},
	pages={457--481},
	year={1958},
	publisher={Taylor \& Francis}
}

@article{keele2010proportionally,
	title={Proportionally difficult: testing for nonproportional hazards in Cox models},
	author={Keele, Luke},
	journal={Political Analysis},
	volume={18},
	number={2},
	pages={189--205},
	year={2010},
	publisher={Cambridge University Press}
}


@article{breslow1974large,
	title={A large sample study of the life table and product limit estimates under random censorship},
	author={Breslow, Norman and Crowley, John},
	journal={The Annals of Statistics},
	pages={437--453},
	year={1974},
	publisher={JSTOR}
}


@article{williams2002nutritional,
	title={Nutritional quality of organic food: shades of grey or shades of green.},
	author={Williams, Christine M},
	journal={Proceedings of the Nutrition Society},
	volume={61},
	number={1},
	pages={19--24},
	year={2002},
	publisher={Cambridge University Press}
}


@article{usdoa2007heifer,
	title={Heifer Calf Health and Management Practices on US Dairy Operations.},
	author={USDoA, USDA},
	journal={APHIS, ed. Dairy},
	year={2007}
}

@article{cox1972,
  title={Regression models and life-tables},
author={Cox, David R},
	journal={Journal of Royal Statistical Society},
	year={1972},
	page={187-220}
}


@article{heinrichs2003effects,
	title={Effects of mannan oligosaccharide or antibiotics in neonatal diets on health and growth of dairy calves1},
	author={Heinrichs, AJ and Jones, CM and Heinrichs, BS},
	journal={Journal of Dairy Science},
	volume={86},
	number={12},
	pages={4064--4069},
	year={2003},
	publisher={Elsevier}
}


@book{davis1998development,
	title={The development, nutrition, and management of the young calf.},
	author={Davis, Carl L and Drackley, James K and others},
	year={1998},
	publisher={Iowa State University Press}
}

@article{ver2007quasi,
	title={Quasi-Poisson vs. negative binomial regression: how should we model overdispersed count data},
	author={Ver Hoef, Jay M and Boveng, Peter L},
	journal={Ecology},
	volume={88},
	number={11},
	pages={2766--2772},
	year={2007},
	publisher={Wiley Online Library}
}


@book{carroll1988transformation,
	title={Transformation and weighting in regression},
	author={Carroll, Raymond J and Ruppert, David},
	volume={30},
	year={1988},
	publisher={CRC Press}
}


@article{breslow1993approximate,
	title={Approximate inference in generalized linear mixed models},
	author={Breslow, Norman E and Clayton, David G},
	journal={Journal of the American statistical Association},
	volume={88},
	number={421},
	pages={9--25},
	year={1993},
	publisher={Taylor \& Francis Group}
}


@book{hair1998multivariate,
	title={Multivariate data analysis},
	author={Hair, Joseph F and Black, William C and Babin, Barry J and Anderson, Rolph E and Tatham, Ronald L and others},
	volume={5},
	number={3},
	year={1998},
	publisher={Prentice hall Upper Saddle River, NJ}
}




@article{bonat2017modelling,
	title={Modelling the covariance structure in marginal multivariate count models: hunting in bioko island},
	author={Bonat, WH and Olivero, Jesus and Grande-Vega, Maria and Farf{\'a}n, MA and Fa, JE},
	journal={Journal of Agricultural, Biological and Environmental Statistics},
	volume={22},
	number={4},
	pages={446--464},
	year={2017},
	publisher={Springer}
}



@book{pinheiro2006mixed,
	title={Mixed-effects models in S and S-PLUS},
	author={Pinheiro, Jos{\'e} and Bates, Douglas},
	year={2006},
	publisher={Springer Science \& Business Media}
}

 @Book{b2,

	author =   {Anderberg, M. R.},

	title =    {Cluster Analysis for Applications},

	publisher =    {New York: Academic Press},

	year =     {1983},

}



@article{hinde1998overdispersion,
	title={Overdispersion: models and estimation},
	author={Hinde, John and Dem{\'e}trio, Clarice GB},
	journal={Computational Statistics and Data Analysis},
	volume={27},
	number={2},
	pages={151--170},
	year={1998},
	publisher={Amsterdam: North-Holland Pub. Co., 1983-}
}
